@incollection{matzka2021unuberwachtes,
  title={Un{\"u}berwachtes Lernen},
  author={Matzka, Stephan},
  booktitle={K{\"u}nstliche Intelligenz in den Ingenieurwissenschaften: Maschinelles Lernen verstehen und bewerten},
  pages={171--197},
  year={2021},
  publisher={Springer}
}

@article{lanquillon2019grundzuge,
  title={Grundz{\"u}ge des maschinellen Lernens},
  author={Lanquillon, Carsten},
  journal={Blockchain und maschinelles Lernen: Wie das maschinelle Lernen und die Distributed-Ledger-Technologie voneinander profitieren},
  pages={89--142},
  year={2019},
  publisher={Springer}
}

@article{madhulatha2012overview,
  title={An overview on clustering methods},
  author={Madhulatha, T Soni},
  journal={arXiv preprint arXiv:1205.1117},
  year={2012}
}

@article{renner2010grundlagen,
  title={Grundlagen der Solarenergie},
  author={Renner, Oliver},
  journal={Integratives Umweltmanagement: Systemorientierte Zusammenh{\"a}nge zwischen Politik, Recht, Management und Technik},
  pages={553--561},
  year={2010},
  publisher={Springer}
}
@book{schabbach2014solarthermie,
  title={Solarthermie},
  author={Schabbach, Thomas and Leibbrandt, Pascal},
  year={2014},
  publisher={Springer}
}

@article{osterhage2015windkraft,
  title={Windkraft},
  author={Osterhage, Wolfgang and Osterhage, Wolfgang},
  journal={Die Energiewende: Potenziale bei der Energiegewinnung: Eine allgemeinverst{\"a}ndliche Einf{\"u}hrung},
  pages={17--21},
  year={2015},
  publisher={Springer}
}